@article{gernon_global_2021,
  title = {Global Chemical Weathering Dominated by Continental Arcs since the Mid-{{Palaeozoic}}},
  author = {Gernon, Thomas M. and Hincks, Thea K. and Merdith, Andrew S. and Rohling, Eelco J. and Palmer, Martin R. and Foster, Gavin L. and Bataille, Cl{\'e}ment P. and M{\"u}ller, R. Dietmar},
  year = {2021},
  month = sep,
  journal = {Nature Geoscience},
  volume = {14},
  pages = {690--696},
  doi = {10.1038/s41561-021-00806-0},
  urldate = {2023-08-18},
  keywords = {Earth Science},
  annotation = {ADS Bibcode: 2021NatGe..14..690G}
}
