@Article{KHB12,
  Title   = {High Accuracy Mantle Convection Simulation through Modern Numerical Methods},
  Author  = {M. Kronbichler and T. Heister and W. Bangerth},
  Journal = {Geophysical Journal International},
  Year    = {2012},
  Pages   = {12-29},
  Volume  = {191},
  doi     = {10.1111/j.1365-246X.2012.05609.x},
  url     = {http://dx.doi.org/10.1111/j.1365-246X.2012.05609.x}
}

@article{heister_aspect_methods2,
  title                    = {High Accuracy Mantle Convection Simulation through Modern Numerical Methods.
                              {II}: {R}ealistic Models and Problems},
  author                   = {Heister, Timo and Dannberg, Juliane and
                              Gassm{\"o}ller, Rene and Bangerth, Wolfgang},
  journal                  = {Geophysical Journal International},
  year                     = {2017},
  number                   = {2},
  pages                    = {833-851},
  volume                   = {210},
  DOI                      = {10.1093/gji/ggx195},
  URL                      = {https://doi.org/10.1093/gji/ggx195}
}

@software{aspect-doi-v2.2.0,
  author       = {Wolfgang Bangerth and
                  Juliane Dannberg and
                  Rene Gassmoeller and
                  Timo Heister},
  title        = {ASPECT v2.2.0},
  month        = jun,
  year         = 2020,
  publisher    = {Zenodo},
  version      = {v2.2.0},
  doi          = {10.5281/zenodo.3924604},
  url          = {https://doi.org/10.5281/zenodo.3924604}
}

@article{aspectmanual,
  title         = {{\textsc{ASPECT}: Advanced Solver for Problems in Earth's ConvecTion, User Manual}},
  author        = {W. Bangerth and J. Dannberg and R. Gassm{\"o}ller and T. Heister and others},
  year          = {2020},
  month         = {June},
  DOI           = {10.6084/m9.figshare.4865333},
  note          = {doi:10.6084/m9.figshare.4865333},
  URL           = {https://doi.org/10.6084/m9.figshare.4865333}
}
