@article{kasting_ultraviolet_1997,
  title = {Ultraviolet Radiation from {{F}} and {{K}} Stars and Implications for Planetary Habitability},
  author = {Kasting, James F. and Whittet, Douglas C. B. and Sheldon, William R.},
  year = {1997},
  month = aug,
  journal = {Origins of Life and Evolution of the Biosphere},
  volume = {27},
  pages = {413--420},
  issn = {0169-6149},
  doi = {10.1023/A:1006596806012},
  urldate = {2023-04-20},
  annotation = {ADS Bibcode: 1997OLEB...27..413K}
}
